
	<record>
		<controlfield tag="001">
			9941276133804341
		</controlfield>
		<datafield tag="100">
			<subfield code="a">
				Campbell, John,
			</subfield>
			<subfield code="d">
				1708-1775.
			</subfield>
			<subfield code="1">
				https://isni.org/isni/0000000118760698
			</subfield>
			<subfield code="1">
				https://www.wikidata.org/wiki/Q3181178
			</subfield>
			<subfield code="9">
				LCNACO|John Campbell
			</subfield>
			<subfield code="z">ISNIQAPASS</subfield>
		</datafield>
		<datafield tag="245">
			<subfield code="a">
				Lives of the British admirals: containing a new and accurate naval history, from the earliest periods. By Dr. J. Campbell. With a continuation down to ... 1779, ... Written under the inspection of Doctor Berkenhout. ... In four volumes.
			</subfield>
		</datafield>
	</record>