
	<record>
		<controlfield tag="001">
			9912960213804341
		</controlfield>
		<datafield tag="100">
			<subfield code="a">
				Adamson, Donald,
			</subfield>
			<subfield code="d">
				1943-
			</subfield>
			<subfield code="1">
				https://isni.org/isni/0000000110060929
			</subfield>
		</datafield>
		<datafield tag="245">
			<subfield code="a">
				Biology
			</subfield>
			<subfield code="p">
				Teacher's notes /
			</subfield>
			<subfield code="c">
				Donald Adamson, Martin Bates.
			</subfield>
		</datafield>
	</record>