
	<record>
		<controlfield tag="001">
			992523783804341
		</controlfield>
		<datafield tag="100">
			<subfield code="a">
				Dunbar, William,
			</subfield>
			<subfield code="d">
				1460?-1520?
			</subfield>
			<subfield code="1">
				https://isni.org/isni/0000000118619977
			</subfield>
			<subfield code="1">
				https://www.wikidata.org/wiki/Q647150
			</subfield>
			<subfield code="9">
				NLS|William Dunbar
			</subfield>
			<subfield code="z">ISNIQAPASS</subfield>
		</datafield>
		<datafield tag="245">
			<subfield code="a">
				The poems of William Dunbar /
			</subfield>
			<subfield code="c">
				edited by W. Mackay Mackenzie.
			</subfield>
		</datafield>
	</record>