
	<record>
		<controlfield tag="001">
			999795823804341
		</controlfield>
		<datafield tag="100">
			<subfield code="a">
				Aytoun, William Edmondstoune,
			</subfield>
			<subfield code="d">
				1813-1865.
			</subfield>
			<subfield code="1">
				https://isni.org/isni/0000000118759320
			</subfield>
			<subfield code="1">
				https://www.wikidata.org/wiki/Q771270
			</subfield>
			<subfield code="9">
				NLS|William Edmondstoune Aytoun
			</subfield>
			<subfield code="z">ISNIQAPASS</subfield>
		</datafield>
		<datafield tag="245">
			<subfield code="a">
				The ballads of Scotland /
			</subfield>
			<subfield code="c">
				edited by W.E. Aytoun.
			</subfield>
		</datafield>
	</record>
</collection>